
@online{_national_????,
	title = {National Instruments {VISA} - National Instruments},
	url = {http://www.ni.com/visa/},
	urldate = {2015-08-02}
}